@article{numerical_julia,
  title={Julia: A fresh approach to numerical computing},
  author={Bezanson, Jeff and Edelman, Alan and Karpinski, Stefan and Shah, Viral B},
  journal={SIAM review},
  volume={59},
  number={1},
  pages={65--98},
  year={2017},
  publisher={SIAM}
}

@BOOK{patterns,
  author = {Michael A. McCool and Arch D. Robinson and James Reinders},
  title = {Structured Parallel Programming: Patterns for Efficient Computation},
  subtitle = {Patterns for efficient computation},
  year = {2012},
  publisher = {Morgan Kaufman}
}

@inproceedings{kulkarni,
 author = {Kulkarni, Prasad A.},
 title = {JIT Compilation Policy for Modern Machines},
 booktitle = {Proceedings of the 2011 ACM International Conference on Object Oriented Programming Systems Languages and Applications},
 series = {OOPSLA '11},
 year = {2011},
 isbn = {978-1-4503-0940-0},
 location = {Portland, Oregon, USA},
 pages = {773--788},
 numpages = {16},
 url = {http://doi.acm.org/10.1145/2048066.2048126},
 doi = {10.1145/2048066.2048126},
 acmid = {2048126},
 publisher = {ACM},
 address = {New York, NY, USA},
 keywords = {Java, dynamic compilation, multicore, virtual machines},
}

@INPROCEEDINGS{wijngaart,
  author={R. F. {Van der Wijngaart} and T. G. {Mattson}},
  booktitle={2014 IEEE High Performance Extreme Computing Conference (HPEC)},
  title={The Parallel Research Kernels},
  year={2014},
  volume={},
  number={},
  pages={1-6},
  keywords={parallel processing;parallel research kernels;parallel computer systems;parallel HPC applications;Kernel;Vectors;Bandwidth;Sparse matrices;Radiation detectors;Arrays;IP networks;parallel;kernel;high-performance computing;compact;verification},
  doi={10.1109/HPEC.2014.7040972},
  ISSN={},
  month={Sep.}
}

@article{blackburn,
 author = {Blackburn, Stephen M. and McKinley, Kathryn S. and Garner, Robin and Hoffmann, Chris and Khan, Asjad M. and Bentzur, Rotem and Diwan, Amer and Feinberg, Daniel and Frampton, Daniel and Guyer, Samuel Z. and Hirzel, Martin and Hosking, Antony and Jump, Maria and Lee, Han and Moss, J. Eliot B. and Phansalkar, Aashish and Stefanovik, Darko and VanDrunen, Thomas and von Dincklage, Daniel and Wiedermann, Ben},
 title = {Wake Up and Smell the Coffee: Evaluation Methodology for the 21st Century},
 journal = {Commun. ACM},
 issue_date = {August 2008},
 volume = {51},
 number = {8},
 month = aug,
 year = {2008},
 issn = {0001-0782},
 pages = {83--89},
 numpages = {7},
 url = {http://doi.acm.org/10.1145/1378704.1378723},
 doi = {10.1145/1378704.1378723},
 acmid = {1378723},
 publisher = {ACM},
 address = {New York, NY, USA},
}

@misc{illinois,
  author = {William Gropp},
  title = {Lecture 24: Buffering and Message Protocols},
  year = {2016},
  publisher = {University of Illinois, Chicago}
}

@misc{ompi,
  author = {Jeff Squyres},
  title = {Screencast: OMPI OpenFabrics Protocols},
  year = {2008},
  publisher = {CISCO}
}
